@article{chamberland2020triangular,
  author    = {Chamberland, Christopher and Kubica, Aleksander and Yoder, Theodore J and Zhu, Guanyu},
  doi       = {10.1088/1367-2630/ab68fd},
  journal   = {New Journal of Physics},
  number    = {2},
  pages     = {023019},
  publisher = {IOP Publishing},
  title     = {Triangular color codes on trivalent graphs with flag qubits},
  volume    = {22},
  year      = {2020}
}

@article{delfosse2014decoding,
  author    = {Delfosse, Nicolas},
  doi       = {10.1103/PhysRevA.89.012317},
  journal   = {Physical Review A},
  number    = {1},
  pages     = {012317},
  publisher = {APS},
  title     = {Decoding color codes by projection onto surface codes},
  volume    = {89},
  year      = {2014}
}

@article{landahl2011fault,
  author  = {Landahl, Andrew J and Anderson, Jonas T and Rice, Patrick R},
  journal = {arXiv preprint arXiv:1108.5738},
  title   = {Fault-tolerant quantum computing with color codes},
  year    = {2011}
}

@article{sarvepalli2012efficient,
  author    = {Sarvepalli, Pradeep and Raussendorf, Robert},
  doi       = {10.1103/PhysRevA.85.022317},
  journal   = {Physical Review A},
  number    = {2},
  pages     = {022317},
  publisher = {APS},
  title     = {Efficient decoding of topological color codes},
  volume    = {85},
  year      = {2012}
}

