@article{das2020scalable,
  author  = {Das, Poulami and Pattison, Christopher A and Manne, Srilatha and Carmean, Douglas and Svore, Krysta and Qureshi, Moinuddin and Delfosse, Nicolas},
  journal = {arXiv preprint arXiv:2001.06598},
  title   = {A Scalable Decoder Micro-architecture for Fault-Tolerant Quantum Computing},
  year    = {2020}
}

@article{delfosse2017almost,
  author  = {Delfosse, Nicolas and Nickerson, Naomi H},
  journal = {arXiv preprint arXiv:1709.06218},
  title   = {Almost-linear time decoding algorithm for topological codes},
  year    = {2017}
}

@article{delfosse2017linear,
  author  = {Delfosse, Nicolas and Z{\'e}mor, Gilles},
  doi     = {10.1103/PhysRevResearch.2.033042},
  journal = {arXiv preprint arXiv:1703.01517},
  title   = {Linear-time maximum likelihood decoding of surface codes over the quantum erasure channel},
  year    = {2017}
}

@article{delfosse2020beyond,
  author  = {Delfosse, Nicolas and Reichardt, Ben W and Svore, Krysta M},
  journal = {arXiv preprint arXiv:2002.05180},
  title   = {Beyond single-shot fault-tolerant quantum error correction},
  year    = {2020}
}

@article{delfosse2020hierarchical,
  author  = {Delfosse, Nicolas},
  journal = {arXiv preprint arXiv:2001.11427},
  title   = {Hierarchical decoding to reduce hardware requirements for quantum computing},
  year    = {2020}
}

@article{huang2020fault,
  author  = {Huang, Shilin and Newman, Michael and Brown, Kenneth R},
  journal = {arXiv preprint arXiv:2004.04693},
  title   = {Fault-Tolerant Weighted Union-Find Decoding on the Toric Code},
  year    = {2020}
}

@article{tarjan1975efficiency,
  author    = {Tarjan, Robert Endre},
  doi       = {10.1145/321879.321884},
  journal   = {Journal of the ACM (JACM)},
  number    = {2},
  pages     = {215--225},
  publisher = {ACM New York, NY, USA},
  title     = {Efficiency of a good but not linear set union algorithm},
  volume    = {22},
  year      = {1975}
}

