@article{anwar2014fast,
  title     = {Fast decoders for qudit topological codes},
  author    = {Anwar, Hussain and Brown, Benjamin J. and Campbell, Earl T. and Browne, Dan E},
  journal   = {New Journal of Physics},
  volume    = {16},
  number    = {6},
  pages     = {063038},
  year      = {2014},
  publisher = {IOP Publishing}
}
@article{anwar2014fast,
    author    = {Anwar, Hussain and Brown, Benjamin J. and Campbell, Earl T. and Browne, Dan E},
    doi       = {10.1088/1367-2630/16/6/063038},
    journal   = {New Journal of Physics},
    number    = {6},
    pages     = {063038},
    publisher = {IOP Publishing},
    title     = {Fast decoders for qudit topological codes},
    volume    = {16},
    year      = {2014}
}

@article{bombin2012universal,
    author    = {Bombin, Hector and Duclos-Cianci, Guillaume and Poulin, David},
    doi       = {10.1088/1367-2630/14/7/073048},
    journal   = {New Journal of Physics},
    number    = {7},
    pages     = {073048},
    publisher = {IOP Publishing},
    title     = {Universal topological phase of two-dimensional stabilizer codes},
    volume    = {14},
    year      = {2012}
}

@article{bravyi2013quantum,
    author    = {Bravyi, Sergey and Haah, Jeongwan},
    doi       = {10.1103/PhysRevLett.111.200501},
    journal   = {Physical review letters},
    number    = {20},
    pages     = {200501},
    publisher = {APS},
    title     = {Quantum self-correction in the 3d cubic code model},
    volume    = {111},
    year      = {2013}
}

@article{darmawan2018linear,
    author    = {Darmawan, Andrew S. and Poulin, David},
    doi       = {10.1103/PhysRevE.97.051302},
    issue     = {5},
    journal   = {Phys. Rev. E},
    month     = {May},
    numpages  = {5},
    pages     = {051302},
    publisher = {American Physical Society},
    title     = {Linear-time general decoding algorithm for the surface code},
    volume    = {97},
    year      = {2018}
}

@article{duclos2010fast,
    author    = {Duclos-Cianci, Guillaume and Poulin, David},
    doi       = {10.1103/PhysRevLett.104.050504},
    issue     = {5},
    journal   = {Phys. Rev. Lett.},
    month     = {Feb},
    pages     = {050504},
    publisher = {American Physical Society},
    title     = {Fast Decoders for Topological Quantum Codes},
    volume    = {104},
    year      = {2010}
}

@article{duclos2013fault,
    author     = {Duclos-Cianci, Guillaume and Poulin, David},
    doi        = {10.5555/2638670.2638671},
    journal    = {Quantum Info. Comput.},
    month      = {jul},
    number     = {9},
    pages      = {721–740},
    publisher  = {Rinton Press, Incorporated},
    title      = {Fault-Tolerant Renormalization Group Decoder for Abelian Topological Codes},
    volume     = {14},
    year       = {2014}
}

@article{duclos2013kitaev,
    author    = {Duclos-Cianci, Guillaume and Poulin, David},
    doi       = {10.1103/PhysRevLett.104.050504},
    journal   = {Physical Review A},
    number    = {6},
    pages     = {062338},
    publisher = {APS},
    title     = {Kitaev's Z d-code threshold estimates},
    volume    = {87},
    year      = {2013}
}

@article{herold2015cellular,
    author    = {Herold, Michael and Campbell, Earl T. and Eisert, Jens and Kastoryano, Michael J.},
    doi       = {10.1038/npjqi.2015.10},
    issn      = {2056-6387},
    journal   = {npj Quantum Information},
    month     = {Oct},
    number    = {1},
    publisher = {Springer Science and Business Media LLC},
    title     = {Cellular-automaton decoders for topological quantum memories},
    volume    = {1},
    year      = {2015}
}

@article{horsman2012surface,
    author    = {Horsman, Clare and Fowler, Austin G. and Devitt, Simon and Van Meter, Rodney},
    doi       = {10.1088/1367-2630/14/12/123011},
    journal   = {New Journal of Physics},
    number    = {12},
    pages     = {123011},
    publisher = {IOP Publishing},
    title     = {Surface code quantum computing by lattice surgery},
    volume    = {14},
    year      = {2012}
}

@article{hutter2015improved,
    author    = {Hutter, Adrian and Loss, Daniel and Wootton, James R},
    doi       = {10.1088/1367-2630/17/3/035017},
    journal   = {New Journal of Physics},
    number    = {3},
    pages     = {035017},
    publisher = {IOP Publishing},
    title     = {Improved HDRG decoders for qudit and non-abelian quantum error correction},
    volume    = {17},
    year      = {2015}
}

@article{kubica2019cellular,
    author    = {Kubica, Aleksander and Preskill, John},
    doi       = {10.1103/PhysRevLett.123.020501},
    journal   = {Physical review letters},
    number    = {2},
    pages     = {020501},
    publisher = {APS},
    title     = {Cellular-automaton decoders with provable thresholds for topological codes},
    volume    = {123},
    year      = {2019}
}

@article{nickerson2019analysing,
    author    = {Nickerson, Naomi H and Brown, Benjamin J},
    doi       = {10.22331/q-2019-04-08-131},
    journal   = {Quantum},
    pages     = {131},
    publisher = {Verein zur F{\"o}rderung des Open Access Publizierens in den Quantenwissenschaften},
    title     = {Analysing correlated noise on the surface code using adaptive decoding algorithms},
    volume    = {3},
    year      = {2019}
}

@article{sarvepalli2012efficient,
    author    = {Sarvepalli, Pradeep and Raussendorf, Robert},
    doi       = {10.1103/PhysRevA.85.022317},
    journal   = {Physical Review A},
    number    = {2},
    pages     = {022317},
    publisher = {APS},
    title     = {Efficient decoding of topological color codes},
    volume    = {85},
    year      = {2012}
}

@article{watson2015fast,
    author    = {Watson, Fern HE and Anwar, Hussain and Browne, Dan E},
    doi       = {10.1103/PhysRevA.92.032309},
    journal   = {Physical Review A},
    number    = {3},
    pages     = {032309},
    publisher = {APS},
    title     = {Fast fault-tolerant decoder for qubit and qudit surface codes},
    volume    = {92},
    year      = {2015}
}

@article{wootton2012high,
    author    = {Wootton, James R. and Loss, Daniel},
    doi       = {10.1103/PhysRevLett.109.160503},
    journal   = {Physical review letters},
    number    = {16},
    pages     = {160503},
    publisher = {APS},
    title     = {High threshold error correction for the surface code},
    volume    = {109},
    year      = {2012}
}


@article{bombin2012universal,
  title     = {Universal topological phase of two-dimensional stabilizer codes},
  author    = {Bombin, Hector and Duclos-Cianci, Guillaume and Poulin, David},
  journal   = {New Journal of Physics},
  volume    = {14},
  number    = {7},
  pages     = {073048},
  year      = {2012},
  publisher = {IOP Publishing},
  doi       = {10.1088/1367-2630/14/7/073048}
}

@article{bravyi2013quantum,
  title     = {Quantum self-correction in the 3d cubic code model},
  author    = {Bravyi, Sergey and Haah, Jeongwan},
  journal   = {Physical review letters},
  volume    = {111},
  number    = {20},
  pages     = {200501},
  year      = {2013},
  publisher = {APS},
  doi       = {10.1103/PhysRevLett.111.200501}
}

@article{darmawan2018linear,
  title     = {Linear-time general decoding algorithm for the surface code},
  author    = {Darmawan, Andrew S. and Poulin, David},
  journal   = {Phys. Rev. E},
  volume    = {97},
  issue     = {5},
  pages     = {051302},
  numpages  = {5},
  year      = {2018},
  month     = {May},
  publisher = {American Physical Society},
  doi       = {10.1103/PhysRevE.97.051302}
}

@article{duclos2010fast,
  title     = {Fast Decoders for Topological Quantum Codes},
  author    = {Duclos-Cianci, Guillaume and Poulin, David},
  journal   = {Phys. Rev. Lett.},
  volume    = {104},
  issue     = {5},
  pages     = {050504},
  year      = {2010},
  month     = {Feb},
  publisher = {American Physical Society},
  doi       = {10.1103/PhysRevLett.104.050504}
}


@article{duclos2013fault,
  author     = {Duclos-Cianci, Guillaume and Poulin, David},
  title      = {Fault-Tolerant Renormalization Group Decoder for Abelian Topological Codes},
  year       = {2014},
  issue_date = {July 2014},
  publisher  = {Rinton Press, Incorporated},
  address    = {Paramus, NJ},
  volume     = {14},
  number     = {9 &amp; 10},
  issn       = {1533-7146},
  journal    = {Quantum Info. Comput.},
  month      = {jul},
  pages      = {721–740},
  numpages   = {20},
  doi        = {10.5555/2638670.2638671},
}


@article{duclos2013kitaev,
  title     = {Kitaev's Z d-code threshold estimates},
  author    = {Duclos-Cianci, Guillaume and Poulin, David},
  journal   = {Physical Review A},
  volume    = {87},
  number    = {6},
  pages     = {062338},
  year      = {2013},
  publisher = {APS},
  doi       = {10.1103/PhysRevLett.104.050504}
}

@article{herold2015cellular,
  title     = {Cellular-automaton decoders for topological quantum memories},
  volume    = {1},
  issn      = {2056-6387},
  number    = {1},
  journal   = {npj Quantum Information},
  publisher = {Springer Science and Business Media LLC},
  author    = {Herold, Michael and Campbell, Earl T. and Eisert, Jens and Kastoryano, Michael J.},
  year      = {2015},
  month     = {Oct},
  doi       = {10.1038/npjqi.2015.10}
}

@article{horsman2012surface,
  title     = {Surface code quantum computing by lattice surgery},
  author    = {Horsman, Clare and Fowler, Austin G. and Devitt, Simon and Van Meter, Rodney},
  journal   = {New Journal of Physics},
  volume    = {14},
  number    = {12},
  pages     = {123011},
  year      = {2012},
  publisher = {IOP Publishing},
  doi       = {10.1088/1367-2630/14/12/123011}
}

@article{hutter2015improved,
  title     = {Improved HDRG decoders for qudit and non-abelian quantum error correction},
  author    = {Hutter, Adrian and Loss, Daniel and Wootton, James R},
  journal   = {New Journal of Physics},
  volume    = {17},
  number    = {3},
  pages     = {035017},
  year      = {2015},
  publisher = {IOP Publishing},
  doi       = {10.1088/1367-2630/17/3/035017}
}

@article{kubica2019cellular,
  title     = {Cellular-automaton decoders with provable thresholds for topological codes},
  author    = {Kubica, Aleksander and Preskill, John},
  journal   = {Physical review letters},
  volume    = {123},
  number    = {2},
  pages     = {020501},
  year      = {2019},
  publisher = {APS},
  doi       = {10.1103/PhysRevLett.123.020501}
}

@article{nickerson2019analysing,
  title     = {Analysing correlated noise on the surface code using adaptive decoding algorithms},
  author    = {Nickerson, Naomi H and Brown, Benjamin J},
  journal   = {Quantum},
  volume    = {3},
  pages     = {131},
  year      = {2019},
  publisher = {Verein zur F{\"o}rderung des Open Access Publizierens in den Quantenwissenschaften},
  doi       = {10.22331/q-2019-04-08-131}
}


@article{sarvepalli2012efficient,
  title     = {Efficient decoding of topological color codes},
  author    = {Sarvepalli, Pradeep and Raussendorf, Robert},
  journal   = {Physical Review A},
  volume    = {85},
  number    = {2},
  pages     = {022317},
  year      = {2012},
  publisher = {APS},
  doi       = {10.1103/PhysRevA.85.022317}
}

@article{watson2015fast,
  title     = {Fast fault-tolerant decoder for qubit and qudit surface codes},
  author    = {Watson, Fern HE and Anwar, Hussain and Browne, Dan E},
  journal   = {Physical Review A},
  volume    = {92},
  number    = {3},
  pages     = {032309},
  year      = {2015},
  publisher = {APS},
  doi       = {10.1103/PhysRevA.92.032309}
}

@article{wootton2012high,
  title     = {High threshold error correction for the surface code},
  author    = {Wootton, James R. and Loss, Daniel},
  journal   = {Physical review letters},
  volume    = {109},
  number    = {16},
  pages     = {160503},
  year      = {2012},
  publisher = {APS},
  doi       = {10.1103/PhysRevLett.109.160503}
}