@article{fowler2012towards,
  author    = {Fowler, Austin G and Whiteside, Adam C and Hollenberg, Lloyd CL},
  doi       = {10.1103/PhysRevLett.108.180501},
  journal   = {Physical review letters},
  number    = {18},
  pages     = {180501},
  publisher = {APS},
  title     = {Towards practical classical processing for the surface code},
  volume    = {108},
  year      = {2012}
}

@article{fowler2013minimum,
  author  = {Fowler, Austin G},
  journal = {arXiv preprint arXiv:1307.1740},
  title   = {Minimum weight perfect matching of fault-tolerant topological quantum error correction in average $ O (1) $ parallel time},
  year    = {2013}
}

@article{kolmogorov2009blossom,
  author    = {Kolmogorov, Vladimir},
  doi       = {10.1007/s12532-009-0002-8},
  journal   = {Mathematical Programming Computation},
  number    = {1},
  pages     = {43--67},
  publisher = {Springer},
  title     = {Blossom V: a new implementation of a minimum cost perfect matching algorithm},
  volume    = {1},
  year      = {2009}
}

@article{raussendorf2007faulttolerant,
  author    = {Raussendorf, Robert and Harrington, Jim},
  doi       = {10.1103/PhysRevLett.98.190504},
  issue     = {19},
  journal   = {Phys. Rev. Lett.},
  month     = {May},
  pages     = {190504},
  publisher = {American Physical Society},
  title     = {Fault-Tolerant Quantum Computation with High Threshold in Two Dimensions},
  volume    = {98},
  year      = {2007}
}

@article{tuckett2020fault,
  author    = {Tuckett, David K. and Bartlett, Stephen D. and Flammia, Steven T. and Brown, Benjamin J.},
  doi       = {10.1103/PhysRevLett.124.130501},
  journal   = {Phys. Rev. Lett.},
  month     = {Mar},
  pages     = {130501},
  publisher = {American Physical Society},
  title     = {Fault-Tolerant Thresholds for the Surface Code in Excess of 5 under Biased Noise},
  volume    = {124},
  year      = {2020}
}

