@article{bravyi2014efficient,
  author    = {Bravyi, Sergey and Suchara, Martin and Vargo, Alexander},
  doi       = {10.1103/PhysRevA.90.032326},
  journal   = {Physical Review A},
  number    = {3},
  pages     = {032326},
  publisher = {APS},
  title     = {Efficient algorithms for maximum likelihood decoding in the surface code},
  volume    = {90},
  year      = {2014}
}

@article{heim2016optimal,
  author  = {Heim, Bettina and Svore, Krysta M and Hastings, Matthew B},
  journal = {arXiv preprint arXiv:1609.06373},
  title   = {Optimal circuit-level decoding for surface codes},
  year    = {2016}
}

