@comment{% Neural net decoders}

@article{baireuther2019neural,
  author    = {Baireuther, Paul and Caio, Marcello D and Criger, Ben and Beenakker, Carlo WJ and Oâ€™Brien, Thomas E},
  doi       = {10.1088/1367-2630/aaf29e},
  journal   = {New Journal of Physics},
  number    = {1},
  pages     = {013003},
  publisher = {IOP Publishing},
  title     = {Neural network decoder for topological color codes with circuit level noise},
  volume    = {21},
  year      = {2019}
}

@article{chamberland2018deep,
  author    = {Christopher Chamberland and Pooya Ronagh},
  doi       = {10.1088/2058-9565/aad1f7},
  journal   = {Quantum Science and Technology},
  month     = {jul},
  number    = {4},
  pages     = {044002},
  publisher = {IOP Publishing},
  title     = {Deep neural decoders for near term fault-tolerant experiments},
  volume    = {3},
  year      = {2018}
}

@article{krastanov2017deep,
  author    = {Krastanov, Stefan and Jiang, Liang},
  doi       = {10.1038/s41598-017-11266-1},
  journal   = {Scientific reports},
  number    = {1},
  pages     = {1--7},
  publisher = {Nature Publishing Group},
  title     = {Deep neural network probabilistic decoder for stabilizer codes},
  volume    = {7},
  year      = {2017}
}

@article{liu2019neural,
  author    = {Liu, Ye-Hua and Poulin, David},
  doi       = {10.1103/PhysRevLett.122.200501},
  journal   = {Physical review letters},
  number    = {20},
  pages     = {200501},
  publisher = {APS},
  title     = {Neural belief-propagation decoders for quantum error-correcting codes},
  volume    = {122},
  year      = {2019}
}

@article{nautrup2019optimizing,
  author    = {Nautrup, Hendrik Poulsen and Delfosse, Nicolas and Dunjko, Vedran and Briegel, Hans J and Friis, Nicolai},
  doi       = {10.22331/q-2019-12-16-215},
  journal   = {Quantum},
  pages     = {215},
  publisher = {Verein zur F{\"o}rderung des Open Access Publizierens in den Quantenwissenschaften},
  title     = {Optimizing quantum error correction codes with reinforcement learning},
  volume    = {3},
  year      = {2019}
}

@article{sweke2018reinforcement,
  author  = {Sweke, Ryan and Kesselring, Markus S and van Nieuwenburg, Evert PL and Eisert, Jens},
  journal = {arXiv preprint arXiv:1810.07207},
  title   = {Reinforcement learning decoders for fault-tolerant quantum computation},
  year    = {2018}
}

@article{torlai2017neural,
  author    = {Torlai, Giacomo and Melko, Roger G},
  doi       = {10.1103/PhysRevLett.119.030501},
  journal   = {Physical review letters},
  number    = {3},
  pages     = {030501},
  publisher = {APS},
  title     = {Neural decoder for topological codes},
  volume    = {119},
  year      = {2017}
}

@article{tuckett2018ultrahigh,
  author    = {Tuckett, David K and Bartlett, Stephen D and Flammia, Steven T},
  doi       = {10.1103/PhysRevLett.120.050505},
  journal   = {Physical review letters},
  number    = {5},
  pages     = {050505},
  publisher = {APS},
  title     = {Ultrahigh error threshold for surface codes with biased noise},
  volume    = {120},
  year      = {2018}
}

@article{varsamopoulos2017decoding,
  author    = {Varsamopoulos, Savvas and Criger, Ben and Bertels, Koen},
  doi       = {10.1088/2058-9565/aa955a},
  journal   = {Quantum Science and Technology},
  number    = {1},
  pages     = {015004},
  publisher = {IOP Publishing},
  title     = {Decoding small surface codes with feedforward neural networks},
  volume    = {3},
  year      = {2017}
}

@article{varsamopoulos2020decoding,
  author    = {Varsamopoulos, Savvas and Bertels, Koen and Almudever, Carmen G},
  doi       = {10.1007/s42484-020-00015-9},
  journal   = {Quantum Machine Intelligence},
  number    = {1},
  pages     = {1--12},
  publisher = {Springer},
  title     = {Decoding surface code with a distributed neural network--based decoder},
  volume    = {2},
  year      = {2020}
}

