@article{stace2009thresholds,
  author    = {Stace, Thomas M. and Barrett, Sean D. and Doherty, Andrew C},
  doi       = {10.1103/PhysRevLett.102.200501},
  journal   = {Physical review letters},
  number    = {20},
  pages     = {200501},
  publisher = {APS},
  title     = {Thresholds for topological codes in the presence of loss},
  volume    = {102},
  year      = {2009}
}

@article{stace2010error,
  author    = {Stace, Thomas M. and Barrett, Sean D.},
  doi       = {10.1103/PhysRevA.81.022317},
  journal   = {Physical Review A},
  number    = {2},
  pages     = {022317},
  publisher = {APS},
  title     = {Error correction and degeneracy in surface codes suffering loss},
  volume    = {81},
  year      = {2010}
}

