
@masterthesis{markthesis,
  author = {Hu, S.},
  title  = {Quasilinear Time Decoding Algorithm for Topological Codes with High Error Threshold},
  school = {Delft University of Technology},
  year   = {2020},
  doi    = {10.13140/RG.2.2.13495.96162}
}

@misc{OpenSurfaceSim,
  author       = {Hu, S.},
  title        = {Open Surface Simulations},
  publisher    = {Github},
  journal      = {Github repository},
  howpublished = {\url{https://github.com/watermarkhu/OpenSurfaceSim}},
  year         = {2020}
}