@article{dennis2002topological,
  author    = {Dennis, Eric and Kitaev, Alexei and Landahl, Andrew and Preskill, John},
  doi       = {10.1063/1.1499754},
  journal   = {Journal of Mathematical Physics},
  number    = {9},
  pages     = {4452--4505},
  publisher = {American Institute of Physics},
  title     = {Topological quantum memory},
  volume    = {43},
  year      = {2002}
}

@article{fowler2010surface,
  author    = {Fowler, Austin G and Wang, David S and Hill, Charles D and Ladd, Thaddeus D and Van Meter, Rodney and Hollenberg, Lloyd CL},
  doi       = {10.1103/PhysRevLett.104.180503},
  journal   = {Physical review letters},
  number    = {18},
  pages     = {180503},
  publisher = {APS},
  title     = {Surface code quantum communication},
  volume    = {104},
  year      = {2010}
}

@article{kitaev2003fault,
  author    = {Kitaev, A Yu},
  doi       = {10.1016/S0003-4916(02)00018-0},
  journal   = {Annals of Physics},
  number    = {1},
  pages     = {2--30},
  publisher = {Elsevier},
  title     = {Fault-tolerant quantum computation by anyons},
  volume    = {303},
  year      = {2003}
}

@article{wang2003confinement,
  author    = {Wang, Chenyang and Harrington, Jim and Preskill, John},
  doi       = {10.1016/S0003-4916(02)00019-2},
  journal   = {Annals of Physics},
  number    = {1},
  pages     = {31--58},
  publisher = {Elsevier},
  title     = {Confinement-Higgs transition in a disordered gauge theory and the accuracy threshold for quantum memory},
  volume    = {303},
  year      = {2003}
}

